@INPROCEEDINGS{Erdos1,
    author = {P. Erdős and A Rényi},
    title = {On the Evolution of Random Graphs},
    booktitle = {PUBLICATION OF THE MATHEMATICAL INSTITUTE OF THE HUNGARIAN ACADEMY OF SCIENCES},
    year = {1960},
    pages = {17--61},
    publisher = {}
}


@article{Fronczak1,
	author = {Agata Fronczak},
	title = {Wykładnicze grafy przypadkowe: teoria, przykłady, symulacje numeryczne.},
	year = {2014}
}

@misc{Fronczak2,
  title = {Model Barabasiego-Albert (BA)},
  howpublished = {\url{http://www.if.pw.edu.pl/~agatka/moodle/modele\_SE\_BA.html}}
}
